@article{bell2008attacker,
  title={Attacker--defender models and road network vulnerability},
  author={Bell, Michael GH and Kanturska, U and Schm{\"o}cker, J-D and Fonzone, Achille},
  journal={Philosophical Transactions of the Royal Society A: Mathematical, Physical and Engineering Sciences},
  volume={366},
  number={1872},
  pages={1893--1906},
  year={2008},
  publisher={The Royal Society London}
}

@article{schmid2019predicting,
  title =     {{Predicting response rates of all and recruited respondents: A first attempt}},
  author =    {Schmid, Basil and Axhausen, Kay W},
  journal =   {Transport Findings},
  year =      {2019},
  publisher = {Network Design Lab}
}

@techreport{axhausen2019predicting,
  title =     {{Predicting response rates further updated}},
  author =    {Schmid, Basil and Axhausen, Kay W},
  institution={IVT, ETH Zurich},
  year =      {2019},
  address =   {Zurich}
}

@Article{texreg,
  title =     {{{texreg}: Conversion of statistical model output in {R} to {\LaTeX} and {HTML} tables}},
  author =    {Philip Leifeld},
  journal =   {Journal of Statistical Software},
  year =      {2013},
  volume =    {55},
  number =    {8},
  pages =     {1--24}
}

@Manual{clubsandwich,
  title =     {{clubSandwich: Cluster-robust (sandwich) variance estimators with small-sample corrections}},
  author =    {James Pustejovsky},
  year =      {2024},
  note =      {R package version 0.5.11},
  url =       {https://CRAN.R-project.org/package=clubSandwich}
}

@Article{lmtest,
  title =     {{Diagnostic checking in regression relationships}},
  author =    {Achim Zeileis and Torsten Hothorn},
  journal =   {R News},
  year =      {2002},
  volume =    {2},
  number =    {3},
  pages =     {7--10},
  url =       {https://CRAN.R-project.org/doc/Rnews/},
}
