@article{schmid2019predicting,
  title =     {{Predicting response rates of all and recruited respondents: A first attempt}},
  author =    {Schmid, Basil and Axhausen, Kay W},
  journal =   {Transport Findings},
  year =      {2019},
  publisher = {Network Design Lab}
}

@techreport{axhausen2019predicting,
  title =     {{Predicting response rates further updated}},
  author =    {Schmid, Basil and Axhausen, Kay W},
  institution={IVT, ETH Zurich},
  address =   {Zurich}
}
